<?xml version="1.0" encoding="UTF-8"?><record xmlns="http://www.loc.gov/MARC21/slim" xmlns:cinclude="http://apache.org/cocoon/include/1.0" xmlns:zs="http://www.loc.gov/zing/srw/">
  <leader>00597cz  a2200157n  4500</leader>
  <controlfield tag="001">n 2008013869</controlfield>
  <controlfield tag="003">DLC</controlfield>
  <controlfield tag="005">20091220075129.0</controlfield>
  <controlfield tag="008">080227n| acannaabn          |a aaa      </controlfield>
  <datafield tag="010" ind1=" " ind2=" ">
    <subfield code="a">n 2008013869</subfield>
  </datafield>
  <datafield tag="035" ind1=" " ind2=" ">
    <subfield code="a">(OCoLC)oca07676580</subfield>
  </datafield>
  <datafield tag="040" ind1=" " ind2=" ">
    <subfield code="a">DLC</subfield>
    <subfield code="b">eng</subfield>
    <subfield code="c">DLC</subfield>
    <subfield code="d">MiFliG</subfield>
  </datafield>
  <datafield tag="100" ind1="1" ind2=" ">
    <subfield code="a">Lounsbury, Robert</subfield>
  </datafield>
  <datafield tag="400" ind1="1" ind2=" ">
    <subfield code="a">Lounsbury, Robert</subfield>
    <subfield code="q">(Robert H.)</subfield>
  </datafield>
  <datafield tag="670" ind1=" " ind2=" ">
    <subfield code="a">Lounsbury, Robert. Industrial ethernet on the plant floor, 2008:</subfield>
    <subfield code="b">t.p. (Robert Lounsbury)</subfield>
  </datafield>
  <datafield tag="670" ind1=" " ind2=" ">
    <subfield code="a">Computers move onto the plant floor, 1988:</subfield>
    <subfield code="b">cover (Robert H. Lounsbury, Jr., President, Measurement Equipment Corporation, Evanston, Illinois)</subfield>
  </datafield>
</record>